<record><leader>00000cas a2200000   4500</leader><controlfield tag="001">1378382</controlfield><controlfield tag="008">750606d195719uuru  x         0   c0rusrd</controlfield><datafield ind1=" " ind2=" " tag="010"><subfield code="a">sn 84007412 </subfield></datafield><datafield ind1=" " ind2=" " tag="040"><subfield code="a">NSD</subfield><subfield code="c">NSD</subfield><subfield code="d">RCS</subfield><subfield code="d">NSD</subfield><subfield code="d">OCLCQ</subfield><subfield code="d">NLM</subfield><subfield code="d">OCLCQ</subfield></datafield><datafield ind1=" " ind2=" " tag="012"><subfield code="b">3</subfield><subfield code="e">n</subfield></datafield><datafield ind1="7" ind2=" " tag="016"><subfield code="a">7507665</subfield><subfield code="2">DNLM</subfield></datafield><datafield ind1="7" ind2=" " tag="016"><subfield code="a">U00170000</subfield><subfield code="2">DNLM</subfield></datafield><datafield ind1=" " ind2=" " tag="022"><subfield code="a">0301-1771</subfield><subfield code="l">0301-1771</subfield><subfield code="2">0</subfield></datafield><datafield ind1=" " ind2=" " tag="042"><subfield code="a">nsdp</subfield></datafield><datafield ind1="0" ind2="0" tag="060"><subfield code="a">W1</subfield><subfield code="b">UC417GM</subfield></datafield><datafield ind1="2" ind2=" " tag="110"><subfield code="a">Gor'kovskii&#774; gosudarstvennyi&#774; meditsinskii&#774; institut im. S.M. Kirova.</subfield></datafield><datafield ind1=" " ind2="0" tag="222"><subfield code="a">Uc&#780;enye zapiski Gor&#697;kovskogo gosudarstvennogo medicinskogo instituta imeni S.M. Kirova</subfield></datafield><datafield ind1="1" ind2="0" tag="245"><subfield code="a">Uchenye zapiski Gor'kovskogo gosudarstvennogo medit&#65056;s&#65057;inskogo instituta imeni S.M. Kirova.</subfield></datafield><datafield ind1=" " ind2=" " tag="260"><subfield code="a">Gor&#697;kii&#774;.</subfield></datafield><datafield ind1=" " ind2=" " tag="300"><subfield code="a">14 v.</subfield><subfield code="b">ill.</subfield></datafield><datafield ind1=" " ind2=" " tag="500"><subfield code="a">Title varies slightly.</subfield></datafield><datafield ind1=" " ind2="2" tag="650"><subfield code="a">Medicine</subfield><subfield code="v">Periodicals.</subfield></datafield><datafield ind1="0" ind2="0" tag="785"><subfield code="t">Trudy instituta (Gor&#697;kovskii&#774; gosudarstvennyi&#774; medit&#65056;s&#65057;inskii&#774; institut im. S.M. Kirova)</subfield><subfield code="w">(OCoLC)10253892</subfield></datafield><datafield ind1="1" ind2=" " tag="029"><subfield code="a">NLM</subfield><subfield code="b">7507665</subfield></datafield></record>